@STRING{TeX = "The {T}e{X} {B}ook"}
@inproceedings{Contreras15c,
address = stuttgart,
author = {Gruler, A. and Fikar, C. and Juan, A. and Hirsch, P. and { \bf C. Contreras-Bolton}},
booktitle = {Simulation in Production and Logistics 2015},
editor = {Rabe, M. and Clausen, U.},
isbn = {\href{https://www.google.com/search?q=978-3-8396-0936-1}{978-3-8396-0936-1}},
pages = {49--58},
publisher = {Fraunhofer Verlag},
title = {A Simheuristic for the Waste Collection Problem with Stochastic Demands in Smart Cities},
year = {2015}
}
