@STRING{TeX = "The {T}e{X} {B}ook"}
@inproceedings{Contreras11a,
 author = { { \bf C. Contreras-Bolton} and Gatica, G. and Parada, V.},
 title = {Generación Automática de Algoritmos para el problema de Coloración de Vértices},
 booktitle = {IX Congreso Chileno de Investigación Operativa - OPTIMA 2011},
 year = {2011},
 address = {Pucón, Chile},
month = oct,
 }
@inproceedings{Contreras12b,
 author = {{ \bf C. Contreras-Bolton} and Gatica, G. and Parada, V.},
 title = {Una Plataforma para la Generación de Árboles de Instrucciones para Problemas de Optimización Combinatoria},
 booktitle = {XVI Latin-Ibero-American Conference on Operations Research and
XLIV Brazilian Symposium on Operations Research - XVI CLAIO},
 year = {2012},
 address = rio,
month = sep,
 }

@inproceedings{Contreras12c,
 author = {{ \bf C. Contreras-Bolton} and Gatica, G. and Parada, V.},
 title = {Effective instruction trees for the graph coloring problem},
 booktitle = {4th International Conference on Metaheuristics and Nature Inspired Computing, META’2012},
 year = {2012},
 address = tunez,
month = oct,
 }

@inproceedings{Contreras12d,
 author = {Villagrán, G. and G. Gatica and { \bf C. Contreras-Bolton} and V. Parada and J. P. Sepúlveda},
 title = {Un algoritmo genético para el strip-packing problem de dos dimensiones y piezas regulares},
 booktitle = {4th Latin American Conference on Networked and Electronic Media - LACNEM-2012},
 year = {2012},
 address = {Santiago, Chile},
month = oct,
 }

@inproceedings{Contreras12e,
 author = {Villagrán, G. and G. Gatica and { \bf C. Contreras-Bolton} and V. Parada},
 title = {Un algoritmo genético para el strip-packing problem mediante una representación binaria del tipo genotipo/fenotipo},
 booktitle = {XXIV Encuentro Chileno de Computación - ECC'2012},
 year = {2012},
 address = {Valparaíso, Chile},
month = nov,
 }

@inproceedings{Contreras12f,
 author = {Villagrán, G. and G. Gatica and { \bf C. Contreras-Bolton} and V. Parada},
 title = {A genotype/phenotype binary representation for the strip packing problem with genetic algorithms},
 booktitle = {2012 CYTED-HAROSA Workshop},
 year = {2012},
 address = {Valparaíso, Chile},
month = nov,
 }
@inproceedings{Contreras13a,
 author = {G. Gatica and { \bf C. Contreras-Bolton} and P. Reyes and J. W. Escobar and J. Atkinson},
 title = {Discovering an algorithm for the strip packing problem using a computational game},
 booktitle = {26th European Conference on Operational Research},
 year = {2013},
 address = roma,
month = jul,
 }

@inproceedings{Contreras13b,
author = {{ \bf C. Contreras-Bolton} and C. Rey and C. Rodríguez and S. Ramos and F. Gatica and V. Parada},
 title = {Una nueva heurística para el problema del árbol de cobertura mínima generalizado},
 booktitle = {X Congreso Chileno de Investigación Operativa - OPTIMA 2013},
 year = {2013},
 address = {Concepción, Chile},
month = oct,
 }

@inproceedings{Contreras13c,
author = {{ \bf C. Contreras-Bolton} and C. Rey and G. Gatica and V. Parada},
 title = {Un efectivo algoritmo genético para el problema del árbol de cobertura mínima generalizado},
 booktitle = {X Congreso Chileno de Investigación Operativa - OPTIMA 2013},
 year = {2013},
 address = {Concepción, Chile},
month = oct,
 }

@inproceedings{Contreras14a,
author = {G. Gatica and C. Paredes and J. P. Sepúlveda and F. Paredes and { \bf C. Contreras-Bolton} and R. Linfati},
 title = {Aplicación Web para Gestión de Inventarios},
 booktitle = {XVII Latin-Iberian-American Conference on Operations Research and III Conference of the Mexican Society of Operations Research - XVI CLAIO},
 year = {2014},
 address = {Monterrey, México},
month = oct,
 }
@inproceedings{Contreras14b,
author = {G. Gatica and R. Linfati and S. Schuchhardt and J. Romero and P. Adasme and{ \bf C. Contreras-Bolton} and J.W. Escobar},
 title = {Aplicación web para el problema de localización y ruteo con capacidad restringida},
 booktitle = {I Congreso Internacional, Industria y Organizaciones},
 year = {2014},
 address = {Bogotá D.C., Colombia},
month = aug,
 }
@inproceedings{Contreras15,
author = {G. Gatica and {\bf C. Contreras-Bolton} and J.W. Escobar and R. Linfati and J.C. Cifuentes},
 title = {Una máquina evolutiva para el Strip Packing Problem},
 booktitle = {Congreso 2015 de la Asociación Colombiana de Investigación de Operaciones - ASOCIO 2015},
 year = {2015},
 address = {Bogotá D.C., Colombia},
month = jul,
 }

@inproceedings{Contreras15b,
author = {G. Gatica and {\bf C. Contreras-Bolton} and N. Venegas and O. Opazo and J.W. Escobar and R. Linfati and P. Adasme},
 title = {Una aplicación web, para asignación y ruteo de vehículos en caso de desastres},
 booktitle = {II Congreso Internacional Industria y Organizaciones},
 year = {2015},
 address = {Bogotá D.C.,  Colombia},
month = aug,
 }

@inproceedings{Contreras15d,
author = {{ \bf C. Contreras-Bolton} and V. Parada},
 title = {Combinación automática de operadores en un algoritmo genético},
 booktitle = {XI Congreso Chileno de Investigación Operativa - OPTIMA 2015},
 year = {2015},
 address = {Antofagasta, Chile},
month = oct,
 }


@inproceedings{Contreras15f,
address = barcelona,
author = {Gruler, A. and Juan, A. and { \bf C. Contreras-Bolton} and Gatica G.},
booktitle = {2015 International Conference of the Forum for Interdisciplinary Mathematics - FIM2015},
title = {A Biased-randomized Heuristic for the Waste Collection Problem in Smart Cities},
month = nov,
year = {2015}
}

@inproceedings{Contreras16,
address = trieste,
author = {{\bf C. Contreras-Bolton} and V. Cacchiani and P. Toth},
booktitle = {46th Annual Conference of the Italian Operations Research Society - AIRO2016},
title = {Models and algorithms for the traveling salesman problem with time-dependent service times},
month = sep,
year = {2016}
}


@inproceedings{Contreras17b,
address = amsterdam,
author = {V. Cacchiani and {\bf C. Contreras-Bolton} and P. Toth},
booktitle = {Annual Workshop of the EURO Working Group on Vehicle Routing and Logistics optimization (VeRoLog)},
title = {Exact algorithms for the traveling salesman problem with time-dependent service times},
month = jul,
year = {2017}
}

@inproceedings{Contreras17c,
address = sorrento,
author = {{\bf{C. Contreras-Bolton}} and V. Cacchiani and P. Toth},
booktitle = {International Conference on Optimization and Decision Science - 47th Annual Conference of the Italian Operations Research Society - ODS2017},
title = {Exact and heuristic algorithms for the Traveling Salesman Problem with Time-dependent Service Times},
month = sep,
year = {2017}
}

@inproceedings{Contreras17d,
address = {Vi\~na del Mar, Chile},
author = {C. Rey and {\bf C. Contreras-Bolton} and V. Parada},
booktitle =	 {XII Congreso Chileno de Investigación Operativa - OPTIMA 2017},
title = {Sobre-especialización en la generación automática de algoritmos},
month = nov,
year = {2017}
}

@inproceedings{Contreras18bc,
address = sardinia,
author = {V. Cacchiani and {\bf C. Contreras-Bolton} and P. Toth},
booktitle =	 {Odysseus 2018 - Seventh International Workshop on Freight Transportation and Logistics},
title = {Algorithms for the Traveling Salesman Problem with Time-Dependent Service Times},
month = jun,
year = {2018}
}

@inproceedings{Contreras18c,
address = bologna,
author = {G. Gatica and {\bf C. Contreras-Bolton} and R. Linfati and J. W. Escobar and R. Valdés},
booktitle =	 {EURO/ALIO International Conference 2018 on Applied Combinatorial Optimization},
title = {A granular Tabu Search to Periodic Location Routing Problem},
month = jun,
year = {2018}
}
@inproceedings{Contreras18d,
address = valencia,
author = {V. Parada and {\bf C. Contreras-Bolton} and C. Rey},
booktitle =	 {EURO 2018 - 29th European Conference on Operational Research},
title = {Automatically generated hybrid algorithms},
month = jul,
year = {2018}
}

@inproceedings{Contreras19ac,
address = montreal,
author = {S. Iturra and {\bf C. Contreras-Bolton} and V. Parada},
booktitle = {Optimization Days 2019},
title = {Automatic combination of metaheuristic components},
month = may,
year = {2019}
}

@inproceedings{Contreras19c,
address = sevilla,
author = {V. Cacchiani and {\bf C. Contreras-Bolton} and L. M. Escobar-Falcon and P. Toth},
booktitle = {Annual Workshop of the EURO Working Group on Vehicle Routing and Logistics optimization (VeRoLog)},
title = {Algorithms for the Pollution Traveling Salesman Problem},
month = jun,
year = {2019}
}
@inproceedings{Contreras19d,
address = montreal,
author = {S. Aliaga and L. Pradenas and {\bf C. Contreras-Bolton}},
booktitle = {13th International Conference CIGI QUALITA},
title = {A reverse logistics network for recycling in {C}hile: the case of {C}oncepción},
month = jun,
year = {2019}
}
@inproceedings{Contreras19e,
address = {Santa Cruz, Chile},
author = {A. Osorio and R. Linfati and G. Gatica and {\bf C. Contreras-Bolton}},
booktitle = {XIII Congreso Chileno de Investigación Operativa - OPTIMA 2019},
title = {Enfoques bi-objetivo del Hub Location Problem, Modelos aplicados al transporte de carga de exportación},
month = nov,
year = {2019}
}

@inproceedings{Contreras21Cb,
address = seoul,
author = {C. Rey and F. Navarro and N. Morales and {\bf C. Contreras-Bolton} and V. Parada},
booktitle =	 {IFORS 2021 - The 22nd Conference of the International Federation of Operational Research Societies},
title = {A parallel genetic algorithm for strategic mine planning},
month = aug,
year = {2021}
}
@inproceedings{Contreras21Cc,
address = marrakech,
author = {S. Iturra and {\bf C. Contreras-Bolton} and V. Parada},
booktitle = {8th International Conference on Metaheuristics and Nature Inspired Computing - META'2021},
title = {Automatic generation of metaheuristic algorithms},
month = oct,
year = {2021}
}
	
