@STRING{TeX = "The {T}e{X} {B}ook"}

@misc{tesis1,
  author       = {Miguel Castillo},
  title        = BSC1,
  howpublished = ICI-UDEC,
  year         = 2021,
}

@misc{tesis2,
  author       = {Diego Navarro},
  title        = BSC2,
  howpublished = LCC,
  year         = 2021,
}

@misc{tesis3,
  author       = {Luis Luengo},
  title        = BSC3,
  howpublished = ICI-UDEC,
  year         = 2021,
}
