@STRING{TeX = "The {T}e{X} {B}ook"}

