@STRING{TeX = "The {T}e{X} {B}ook"}

@misc{tesisMag1,
  author       = {Blas Mardones},
  title        = {{Una metaheurística para el problema del vendedor viajero doble con restricciones de cargas parciales, el último en entrar es el primero en salir}},
  howpublished = {Magíster en Ingeniería Civil Industrial, Universidad de Concepción},
  year         = 2021,
  address      = {The address of the publisher}
}

@misc{tesisMag2,
  author       = {Patricio Becerra},
  title        = {{Programando cirugı́as electivas para un hospital público de Chile con afinidad en equipos quirúrgicos y capacidad de unidades UCI}},
  howpublished = {Magíster en Ingeniería Civil Industrial, Universidad de Concepción},
  year         = 2021,
  address      = {The address of the publisher}
}
